@electronic{manifesto,
    author = "Mike Beedle et al.",
    title = "Manifesto for Agile Software Development",
    url = "http://agilemanifesto.org/",
    year = "2001"
}

@conference {agile,
    author    = "M. Ann Garrison Darrin and William S. Devereux",
    title     = "The Agile Manifesto, design thinking and systems engineering",
    booktitle = "Systems Conference (SysCon), 2017 Annual IEEE International",
    year      = "2017",
    pages     = "1-5",
    address   = "Montreal, QC, Canada",
    month     = "Apr"
}

@conference {collaboration,
    author    = "Minh Quang Tran and Robert Biddle",
    title     = "Collaboration in serious game development: a case study",
    booktitle = "Future Play '08 Proceedings of the 2008 Conference on Future Play: Research, Play, Share",
    year      = "2008",
    pages     = "49-56",
    address   = "Toronto, Ontario, Canada",
    month     = "Nov"
}

@conference {iteration,
    author    = "Annakasia Kultima",
    title     = "Developers' perspectives on iteration in game development",
    booktitle = "Proceedings of the 19th International Academic Mindtrek Conference",
    year      = "2015",
    pages     = "26-32",
    address   = "Tampere, Finland",
    month     = "Sep"
}

@conference {group2003,
    author    = "Lecia J. Barker and Kathy Garvin-Doxas",
    title     = "Why project courses sometimes widen the experience gap among students",
    booktitle = "Proceedings of the 8th annual conference on Innovation and technology in computer science education",
    year      = "2003",
    pages     = "258-258",
    address   = "Thessaloniki, Greece",
    month     = "Jul"
}

@conference {group2005,
    author    = "Lecia J. Barker",
    title     = "When do group projects widen the student experience gap?",
    booktitle = "Proceedings of the 10th annual SIGCSE conference on Innovation and technology in computer science education",
    year      = "2005",
    pages     = "276-280",
    address   = "Caparica, Portugal",
    month     = "Jun"
}

@article{motivation,
    author = "Edward L. Deci and Richard M. Ryan",
    title = "Motivation, Personality, and Development Within Embedded Social Contexts: An Overview of Self-Determination Theory",
    year = "2012",
    month = "Jan",
    pages = "85-107",
    booktitle = "The Oxford Handbook of Human Motivation"
}

@conference{devstudy, 
    author = "Jussi Kasurinen et al.",
    title = "What Concerns Game Developers? A Study on Game Development Processes, Sustainability and Metrics",
    booktitle = "2017 IEEE/ACM 8th Workshop on Emerging Trends in Software Metrics (WETSoM)",
    year = "2017",
    pages = "15-21",
    address = "Buenos Aires, Argentina",
    month = "Jul",
}

@article{effectivegroups,
    author = "Sarah Edmunds and George Brown",
    title = "Effective small group learning: AMEE Guide No. 48",
    booktitle = "Medical Teacher",
    volume = "32",
    year = "2010",
    month = "Sep",
    pages = "715-726"
}

@article{activepassive,
    author = "Carl A. Benware and Edward L. Deci",
    title = "Quality of Learning With an Active Versus Passive Motivational Set",
    year = "1984",
    volume = "21",
    pages = "755-765",
    month = "Dec",
    booktitle = "American Educational Research Journal"
}

@article{olddays,
    author = "Cristiano Polotowski et al.",
    title = "Are the old days gone?: a survey on actual software engineering processes in video game industry",
    month = "May",
    year = "2016",
    pages = "22-28",
    address = "Austin, Texas",
    booktitle = "GAS '16 Proceedings of the 5th International Workshop on Games and Software Engineering",
}

@article{learnreflection,
    author = "Rush Helyer",
    title = "Learning through reflection: the critical role of reflection in work-based learning (WBL)",
    year = "2015",
    volume = "7",
    issue = "1",
    pages = "15-27",
    booktitle = "Journal of Work-Applied Management"
}

@book{scrum,
    author = "Ken Schwaber and Mike Beedle",
    title = "Agile Software Development with Scrum",
    booktitle = "Agile Software Development with Scrum",
    year = "2001",
    edition = "1",
    address = "Prentice Hall PTR Upper Saddle River, NJ, USA",
    isbn = "0130676349"
}

@article{problems,
    author = "Fabio Petrillo et al.",
    title = "What went wrong? A survey of problems in game development",
    month = "Feb",
    year = "2009",
    volume = "7",
    issue = "1",
    booktitle = "Computers in Entertainment (CIE) - SPECIAL ISSUE: Media Arts and Games",
    address = "New York, NY",
}

@article{waterfall,
    author = "W. W. Royce",
    title = "Managing the Development of Large Software Systems: Concepts and Techniques",
    year = "1987",
    booktitle = "ICSE '87 Proceedings of the 9th international conference on Software Engineering",
    address = "Monterey, California",
}