@conference{devstudy, 
    author = "Jussi Kasurinen et al.",
    title = "What Concerns Game Developers? A Study on Game Development Processes, Sustainability and Metrics",
    booktitle = "2017 IEEE/ACM 8th Workshop on Emerging Trends in Software Metrics (WETSoM)",
    year = "2017",
    pages = "15-21",
    address = "Buenos Aires, Argentina",
    month = "jul",
}

@article{motivation,
    author = "Edward L. Deci and Richard M. Ryan",
    title = "Motivation, Personality, and Development Within Embedded Social Contexts: An Overview of Self-Determination Theory",
    year = "2012",
    month = "jan",
    pages = "85-107",
    booktitle = "The Oxford Handbook of Human Motivation"
}

@article{effectivegroups,
    author = "Sarah Edmunds and George Brown",
    title = "Effective small group learning: AMEE Guide No. 48",
    booktitle = "Medical Teacher",
    volume = "32",
    year = "2010",
    month = "sep",
    pages = "715-726"
}

@conference {collaboration,
    author    = "Minh Quang Tran and Robert Biddle",
    title     = "Collaboration in serious game development: a case study",
    booktitle = "Future Play '08 Proceedings of the 2008 Conference on Future Play: Research, Play, Share",
    year      = "2008",
    pages     = "49-56",
    address   = "Toronto, Ontario, Canada",
    month     = "nov"
}

@article{activepassive,
    author = "Carl A. Benware and Edward L. Deci",
    title = "Quality of Learning With an Active Versus Passive Motivational Set",
    year = "1984",
    volume = "21",
    pages = "755-765",
    month = "dec",
    booktitle = "American Educational Research Journal"
}